<?xml version="1.0" encoding="UTF-8"?><collection xmlns="http://www.loc.gov/MARC21/slim"><record><leader>00586nam--2200205-i-4500</leader><controlfield tag="001">000011806</controlfield><controlfield tag="002">20161230</controlfield><controlfield tag="005">20161230201029</controlfield><controlfield tag="008">060222s1000------------r-----000-0-eng-d</controlfield><datafield ind1=" " ind2=" " tag="020"><subfield code="a">0717125268</subfield></datafield><datafield ind1=" " ind2=" " tag="040"><subfield code="a">IFIN-HH</subfield></datafield><datafield ind1=" " ind2=" " tag="080"><subfield code="a">539.2:539.18</subfield></datafield><datafield ind1="1" ind2=" " tag="100"><subfield code="a">Coles, B.R</subfield></datafield><datafield ind1="1" ind2="0" tag="245"><subfield code="a">The electronic structures of solids</subfield><subfield code="c">B.r. coles, a.d. caplin</subfield></datafield><datafield ind1=" " ind2=" " tag="260"><subfield code="a">London</subfield><subfield code="b">Edward Arnold</subfield><subfield code="c">1976</subfield></datafield><datafield ind1=" " ind2=" " tag="300"><subfield code="a">X + 136 P</subfield></datafield><datafield ind1=" " ind2=" " tag="490"><subfield code="a">The Structures And Properties Of Solids Series Of Student Texts</subfield><subfield code="v">Vol. 4</subfield></datafield><datafield ind1="1" ind2=" " tag="700"><subfield code="a">Caplin, A.D</subfield></datafield><datafield ind1=" " ind2=" " tag="852"><subfield code="a">43589</subfield><subfield code="c">539.2</subfield></datafield><datafield ind1=" " ind2=" " tag="CAT"><subfield code="a">Sys</subfield><subfield code="c">20121025</subfield><subfield code="h">131241</subfield></datafield></record></collection>